@book{giovanardi:2010,
  title={L'italiano da scrivere. Strutture, risposte, proposte},
  author={Giovanardi, Claudio},
  publisher={Liguori Editore},
  year={2010}
}

@article{Joanes:1998,
  author = {Joanes, D. N. and  Gill, C. A.},
  title = {Comparing measures of sample skewness and kurtosis},
  journal = {Journal of the Royal Statistical Society},
  volume = {47},
  number = {1},
  pages = {183-189},
  year = {1998}
}

@book{berthold:2020,
  title={Guide to Intelligent Data Science},
  author={Berthold, Michael R and Borgelt, Christian and H{\"o}ppner, Frank and Klawonn, Frank and Silipo, Rosaria},
  year={2020},
  publisher={Springer}
}

@article{JMLR:v12:pedregosa11a,
	author  = {Fabian Pedregosa and Ga{{\"e}}l Varoquaux and Alexandre Gramfort and Vincent Michel and Bertrand Thirion and Olivier Grisel and Mathieu Blondel and Peter Prettenhofer and Ron Weiss and Vincent Dubourg and Jake Vanderplas and Alexandre Passos and David Cournapeau and Matthieu Brucher and Matthieu Perrot and {{\'E}}douard Duchesnay},
	title   = {Scikit-learn: Machine Learning in Python},
	journal = {Journal of Machine Learning Research},
	year    = {2011},
	volume  = {12},
	number  = {85},
	pages   = {2825-2830},
	url     = {http://jmlr.org/papers/v12/pedregosa11a.html}
}

@article{glasgow2019,
	title={The Glasgow Norms: Ratings of 5,500 words on nine scales},
	author={Scott, Graham G and Keitel, Anne and Becirspahic, Marc and Yao, Bo and Sereno, Sara C},
	journal={Behavior research methods},
	volume={51},
	number={3},
	pages={1258--1270},
	year={2019},
	publisher={Springer}
}

@book{datamining:2019,
author = {Tan, Pang-Ning and Steinbach, Michael and Karpatne, Anuj and Kumar, Vipin},
title = {Introduction to Data Mining},
year = {2019},
publisher={Pearson Education Limited}
}

@misc{Dua:2019,
author = "Dua, Dheeru and Graff, Casey",
year = "2017",
title = "{UCI} Machine Learning Repository",
url = "http://archive.ics.uci.edu/ml",
institution = "University of California, Irvine, School of Information and Computer Sciences" }

@article{Grabocka:2014,
	author = {Grabocka, Josif and Schilling, Nicolas and Wistuba, Martin and Schmidt-Thieme, Lars},
	title = {Learning Time-Series Shapelets},
	year = {2014},
	publisher = {Association for Computing Machinery},
	address = {New York, NY, USA},
	url = {https://doi.org/10.1145/2623330.2623613},
	doi = {10.1145/2623330.2623613},
	pages = {392–401},
	numpages = {10},
	location = {New York, New York, USA},
	series = {KDD '14}
}

@article{minirocket:2021,
  author    = {Angus Dempster and
               Daniel F. Schmidt and
               Geoffrey I. Webb},
  title     = {{MINIROCKET:} {A} Very Fast (Almost) Deterministic Transform for Time
               Series Classification},
  journal   = {CoRR},
  volume    = {abs/2012.08791},
  month     = {12},
  year      = {2020},
  url       = {https://arxiv.org/abs/2012.08791}
}

@article{cldnn:2015,
  title={Convolutional, long short-term memory, fully connected deep neural networks},
  author={Sainath, Tara N and Vinyals, Oriol and Senior, Andrew and Sak, Ha{\c{s}}im},
  booktitle={2015 IEEE international conference on acoustics, speech and signal processing (ICASSP)},
  pages={4580--4584},
  year={2015},
  organization={IEEE}
}

@article{rocket:2020,
author = {Dempster, Angus and Petitjean, François and Webb, Geoffrey},
year = {2020},
month = {09},
title = {ROCKET: exceptionally fast and accurate time series classification using random convolutional kernels},
volume = {34},
journal = {Data Mining and Knowledge Discovery},
doi = {10.1007/s10618-020-00701-z}
}

@article{har:2012,
  title={Human activity recognition using smartphones data set},
  author={Reyes-Ortiz, Jorge-Luis and Anguita, Davide and Ghio, Alessandro and Parra, X},
  journal={UCI Machine Learning Repository; University of California, Irvine, School of Information and Computer Sciences: Irvine, CA, USA},
  year={2012}
}

@article{optics:1999,
author = {Ankerst, Mihael and Breunig, Markus M. and Kriegel, Hans-Peter and Sander, J\"{o}rg},
title = {OPTICS: Ordering Points to Identify the Clustering Structure},
year = {1999},
issue_date = {June 1999},
publisher = {Association for Computing Machinery},
address = {New York, NY, USA},
volume = {28},
number = {2},
issn = {0163-5808},
url = {https://doi.org/10.1145/304181.304187},
doi = {10.1145/304181.304187},
journal = {SIGMOD Rec.},
pages = {49–60}
}

@inproceedings{guidott:2017,
author = {Guidotti, Riccardo and Monreale, Anna and Nanni, Mirco and Giannotti, Fosca and Pedreschi, Dino},
year = {2017},
month = {08},
pages = {195-204},
title = {Clustering Individual Transactional Data for Masses of Users},
doi = {10.1145/3097983.3098034}
}